<?xml version="1.0" encoding="UTF-8"?><collection xmlns="http://www.loc.gov/MARC21/slim"><record><leader>00381nam--2200121-i-4500</leader><controlfield tag="001">000020128</controlfield><controlfield tag="002">20161230</controlfield><controlfield tag="005">20161230201033</controlfield><controlfield tag="008">060222s1000------------r-----000-0-eng-d</controlfield><datafield ind1=" " ind2=" " tag="080"><subfield code="a">621.383.5(061.3)</subfield></datafield><datafield ind1=" " ind2=" " tag="245"><subfield code="a">The conference record of the thirteenth ieee photovoltaic specialiss conference 1978.june 5-8, 1978 washington, d.c</subfield></datafield><datafield ind1=" " ind2=" " tag="260"><subfield code="a">New York, Ieee, 1978. 1346 P</subfield></datafield><datafield ind1=" " ind2=" " tag="852"><subfield code="a">75691</subfield></datafield></record></collection>